ISA*00*          *00*          *ZZ*SENDERID       *ZZ*RECEIVERID     *230115*1200*^*00501*000000001*0*P*:~
GS*HP*SENDERID*RECEIVERID*20230115*1200*1*X*005010X221A1~
ST*835*0001~
BPR*I*100*C*ACH*CTX*01*999999999*DA*123456789*1000000000**01*999999999*DA*123456789*20230115~
TRN*1*12345*1999999999~
NM1*PR*2*PAYER NAME*****PI*PAYERID~
NM1*PE*2*BILLING PROVIDER*****XX*1234567897~
LX*1~
CLP*PAT001*1*350*100*250*12*1234567890123*11*1~
CAS*PR*1*250~
NM1*QC*1*LASTNAME*FIRSTNAME****MI*MEMBER001~
SVC*HC:99213*150*50**1~
CAS*PR*1*100~
SVC*HC:99214*200*50**1~
CAS*PR*1*150~
SE*15*0001~
GE*1*1~
IEA*1*000000001~